<record><leader>00000cas a22000007a 4500</leader><controlfield tag="001">25171693</controlfield><controlfield tag="008">920127d18941904njuwn ne      0    0eng d</controlfield><datafield ind1=" " ind2=" " tag="010"><subfield code="a">sn 92059903 </subfield></datafield><datafield ind1=" " ind2=" " tag="040"><subfield code="a">NJW</subfield><subfield code="b">eng</subfield><subfield code="c">NJW</subfield><subfield code="d">OCLCQ</subfield></datafield><datafield ind1="0" ind2="4" tag="245"><subfield code="a">The Angler.</subfield></datafield><datafield ind1=" " ind2=" " tag="260"><subfield code="a">Lake Hopatcong, N.J. :</subfield><subfield code="b">A. Van Doren Taylor</subfield></datafield><datafield ind1=" " ind2=" " tag="300"><subfield code="a">v.</subfield></datafield><datafield ind1=" " ind2=" " tag="310"><subfield code="a">Weekly (June-Sept.)</subfield></datafield><datafield ind1="0" ind2=" " tag="362"><subfield code="a">Vol. 1, no. 1 (June 30, 1894)-</subfield></datafield><datafield ind1="1" ind2=" " tag="362"><subfield code="a">Ceased in 1904?</subfield></datafield><datafield ind1=" " ind2=" " tag="752"><subfield code="a">United States</subfield><subfield code="b">New Jersey</subfield><subfield code="c">Sussex</subfield><subfield code="d">Lake Hopatcong.</subfield></datafield><datafield ind1="0" ind2="4" tag="785"><subfield code="t">Lake Hopatcong breeze</subfield><subfield code="w">(OCoLC)7379827</subfield></datafield></record>